<?xml version="1.0"?>
<marc:records xmlns:marc="http://www.loc.gov/MARC21/slim" xmlns:xsi="http://www.w3.org/2001/XMLSchema-instance" xsi:schemaLocation="http://www.loc.gov/MARC21/slim http://www.loc.gov/standards/marcxml/schema/MARC21slim.xsd">
  <marc:record>
    <marc:leader>08011ctm a2201009Ia 4500</marc:leader>
    <marc:controlfield tag="001">9944235593503681</marc:controlfield>
    <marc:controlfield tag="005">20200814110148.0</marc:controlfield>
    <marc:controlfield tag="008">081202q18001899ua a          000 0 ara d</marc:controlfield>
    <marc:datafield ind1=" " ind2=" " tag="035">
  <marc:subfield code="a">(OCoLC)276879747</marc:subfield>
</marc:datafield>
    <marc:datafield ind1=" " ind2=" " tag="035">
  <marc:subfield code="a">(OCoLC)ocn276879747</marc:subfield>
</marc:datafield>
    <marc:datafield ind1=" " ind2=" " tag="040">
  <marc:subfield code="a">PAU</marc:subfield>
  <marc:subfield code="b">eng</marc:subfield>
  <marc:subfield code="c">PAU</marc:subfield>
  <marc:subfield code="d">OCLCQ</marc:subfield>
  <marc:subfield code="d">OCLCA</marc:subfield>
  <marc:subfield code="d">OCLCQ</marc:subfield>
  <marc:subfield code="d">PAU</marc:subfield>
  <marc:subfield code="d">OCLCA</marc:subfield>
  <marc:subfield code="d">PAU</marc:subfield>
  <marc:subfield code="d">OCLCF</marc:subfield>
  <marc:subfield code="d">PAU</marc:subfield>
</marc:datafield>
    <marc:datafield ind1=" " ind2="9" tag="099">
  <marc:subfield code="a">CAJS Rar Ms 164</marc:subfield>
</marc:datafield>
    <marc:datafield ind1="0" ind2="0" tag="245">
  <marc:subfield code="a">[Astrological and magical treatises].</marc:subfield>
</marc:datafield>
    <marc:datafield ind1=" " ind2=" " tag="300">
  <marc:subfield code="a">iii, 192, ii paginated leaves :</marc:subfield>
  <marc:subfield code="b">paper, illustrations ;</marc:subfield>
  <marc:subfield code="c">195 x 146 (163 x 115) mm bound to 194 x 150 mm.</marc:subfield>
</marc:datafield>
    <marc:datafield ind1=" " ind2=" " tag="336">
  <marc:subfield code="a">text</marc:subfield>
  <marc:subfield code="b">txt</marc:subfield>
  <marc:subfield code="2">rdacontent</marc:subfield>
</marc:datafield>
    <marc:datafield ind1=" " ind2=" " tag="337">
  <marc:subfield code="a">unmediated</marc:subfield>
  <marc:subfield code="b">n</marc:subfield>
  <marc:subfield code="2">rdamedia</marc:subfield>
</marc:datafield>
    <marc:datafield ind1=" " ind2=" " tag="338">
  <marc:subfield code="a">volume</marc:subfield>
  <marc:subfield code="b">nc</marc:subfield>
  <marc:subfield code="2">rdacarrier</marc:subfield>
</marc:datafield>
    <marc:datafield ind1=" " ind2=" " tag="500">
  <marc:subfield code="a">Ms. codex.</marc:subfield>
</marc:datafield>
    <marc:datafield ind1=" " ind2=" " tag="500">
  <marc:subfield code="a">Pagination: Paginated in Hindu-Arabic numerals in ink, upper center: [1]-328, iii, 329-378.</marc:subfield>
</marc:datafield>
    <marc:datafield ind1=" " ind2=" " tag="500">
  <marc:subfield code="a">Layout: Written in 27 lines per page in red and black ink; text area border-ruled in black ink with double bounding lines. Pages 2-6 in double columns (56 mm. in width) separated by a single vertical rule in black ink. Numerous tables and diagrams.</marc:subfield>
</marc:datafield>
    <marc:datafield ind1=" " ind2=" " tag="500">
  <marc:subfield code="a">Script: Written in naskh, with partial vocalization, written in a minute hand. Some pages by a later hand.</marc:subfield>
</marc:datafield>
    <marc:datafield ind1=" " ind2=" " tag="500">
  <marc:subfield code="a">Decoration: Rubrications in red. Headings in red, framed in black rectangles with red dome-shaped finials in the margins; some have black and red geometric fill. Numerous diagrams and tables in red and black throughout.</marc:subfield>
</marc:datafield>
    <marc:datafield ind1=" " ind2=" " tag="500">
  <marc:subfield code="a">Binding: Full dark leather with fore-edge flap and envelope flap (Type II); boards and flaps blind tooled; remains of red-and-black patterned cloth lining spine and flaps; remains of colored illustration of military officer used as binder's waste. Upper board, spine and flaps damaged; lower board visibly mended.</marc:subfield>
</marc:datafield>
    <marc:datafield ind1=" " ind2=" " tag="500">
  <marc:subfield code="a">Origin: Item is undated, possibly of Egyptian provenance, specifically Christian, possibly 19th century based on the use of some machine-made paper.</marc:subfield>
</marc:datafield>
    <marc:datafield ind1=" " ind2=" " tag="500">
  <marc:subfield code="a">Watermark: Bird with head turned to side and wings outstretched (p. 229-230); other indistinct watermarks also appear.</marc:subfield>
</marc:datafield>
    <marc:datafield ind1=" " ind2=" " tag="501">
  <marc:subfield code="a">Bound with: Ha&#x304;dha&#x304; kita&#x304;b al-Muh&#x323;aqqiq al-mudaqqiq al-Yu&#x304;na&#x304;ni&#x304; al-faylasu&#x304;f al-shahi&#x304;r bi-Abi&#x304; Ma&#x2BB;shar al-Falaki&#x304; al-kabi&#x304;r bi-al-tama&#x304;m wa-al-kama&#x304;l / Abu&#x304; Ma&#x2BB;shar. Lithograph copy, no publication information available.</marc:subfield>
</marc:datafield>
    <marc:datafield ind1="0" ind2=" " tag="505">
  <marc:subfield code="a">1. pp. 1-6: Questions and answers concerning the influence of the zodiacal signs and the 12 planets. Ten questions under each planet.</marc:subfield>
</marc:datafield>
    <marc:datafield ind1="0" ind2=" " tag="505">
  <marc:subfield code="a">2. pp. 7-25: Divinations and omens based on the names of 34 patriarchs and prophets from Adam to Muhammad.</marc:subfield>
</marc:datafield>
    <marc:datafield ind1="0" ind2=" " tag="505">
  <marc:subfield code="a">3. pp. 25-27: Divination by means of figures (16) traced in the sand according to Ali ibn Abi Talib.</marc:subfield>
</marc:datafield>
    <marc:datafield ind1="0" ind2=" " tag="505">
  <marc:subfield code="a">4. pp. 28-31: Calculations of the two tables by means of which one may find out the state of a sick man and the course of his illness.</marc:subfield>
</marc:datafield>
    <marc:datafield ind1="0" ind2=" " tag="505">
  <marc:subfield code="a">5. pp. 31-33: Information concerning marriage and its success.</marc:subfield>
</marc:datafield>
    <marc:datafield ind1="0" ind2=" " tag="505">
  <marc:subfield code="a">6. pp. 32-35: Instructions for washing the dead.</marc:subfield>
</marc:datafield>
    <marc:datafield ind1="0" ind2=" " tag="505">
  <marc:subfield code="a">7. pp. 35-38: Directions for what should be left done or undone on given days.</marc:subfield>
</marc:datafield>
    <marc:datafield ind1="0" ind2=" " tag="505">
  <marc:subfield code="a">8. pp. 38-39: Unlucky days in the roman months.</marc:subfield>
</marc:datafield>
    <marc:datafield ind1="0" ind2=" " tag="505">
  <marc:subfield code="a">9. p. 40: Concerning the hours of the day and night.</marc:subfield>
</marc:datafield>
    <marc:datafield ind1="0" ind2=" " tag="505">
  <marc:subfield code="a">10. pp. 40-45: Mansions of the moon.</marc:subfield>
</marc:datafield>
    <marc:datafield ind1="0" ind2=" " tag="505">
  <marc:subfield code="a">11. pp. 45-46: Horoscopes of the days.</marc:subfield>
</marc:datafield>
    <marc:datafield ind1="0" ind2=" " tag="505">
  <marc:subfield code="a">12. pp. 46-49: Prognostications from the involuntary movement of body parts according to the prophet Alexander.</marc:subfield>
</marc:datafield>
    <marc:datafield ind1="0" ind2=" " tag="505">
  <marc:subfield code="a">13. pp. 49-50: Interpretation of dreams.</marc:subfield>
</marc:datafield>
    <marc:datafield ind1="0" ind2=" " tag="505">
  <marc:subfield code="a">14. p. 52: Table for the 28 mansions of the moon and a calendar for Arabic and Roman years.</marc:subfield>
</marc:datafield>
    <marc:datafield ind1="0" ind2=" " tag="505">
  <marc:subfield code="a">15. pp. 55-83: Prayers to ward off calamity, disease, evil spirits, etc.</marc:subfield>
</marc:datafield>
    <marc:datafield ind1="0" ind2=" " tag="505">
  <marc:subfield code="a">16. pp. 83-153: Invocations. pp. 147-151: blank.</marc:subfield>
</marc:datafield>
    <marc:datafield ind1="0" ind2=" " tag="505">
  <marc:subfield code="a">17. pp. 153-154: Magic squares.</marc:subfield>
</marc:datafield>
    <marc:datafield ind1="0" ind2=" " tag="505">
  <marc:subfield code="a">18. pp. 155-179: Diseases and their cures.</marc:subfield>
</marc:datafield>
    <marc:datafield ind1="0" ind2=" " tag="505">
  <marc:subfield code="a">19. pp. 179-203: Formula of the seven spheres to say over someone who is possessed by a demon.</marc:subfield>
</marc:datafield>
    <marc:datafield ind1="0" ind2=" " tag="505">
  <marc:subfield code="a">20. pp. 203-204: Divination by means of the Qur'an.</marc:subfield>
</marc:datafield>
    <marc:datafield ind1="0" ind2=" " tag="505">
  <marc:subfield code="a">21. pp. 205-210: Epileptics.</marc:subfield>
</marc:datafield>
    <marc:datafield ind1="0" ind2=" " tag="505">
  <marc:subfield code="a">22. pp. 210-212: Charms for protection from evil spirits and disease.</marc:subfield>
</marc:datafield>
    <marc:datafield ind1="0" ind2=" " tag="505">
  <marc:subfield code="a">23. pp. 212-228: Concerning the book of magic squares attributed to the Imam Ja&#x2BB;far al-S&#x323;a&#x304;diq.</marc:subfield>
</marc:datafield>
    <marc:datafield ind1="0" ind2=" " tag="505">
  <marc:subfield code="a">24. pp. 231-240: Wisdom of the prophet Daniel.</marc:subfield>
</marc:datafield>
    <marc:datafield ind1="0" ind2=" " tag="505">
  <marc:subfield code="a">25. pp. 240-245: Diagnosis and cure of the sick by means of numerical formulas derived from the letters in his name and the name of his mother.</marc:subfield>
</marc:datafield>
    <marc:datafield ind1="0" ind2=" " tag="505">
  <marc:subfield code="a">26. p. 245: Future of small children.</marc:subfield>
</marc:datafield>
    <marc:datafield ind1="0" ind2=" " tag="505">
  <marc:subfield code="a">27. pp. 245-252: Commentary from al-Ghazza&#x304;li&#x304;.</marc:subfield>
</marc:datafield>
    <marc:datafield ind1="0" ind2=" " tag="505">
  <marc:subfield code="a">28. pp. 252-255: Seven spheres.</marc:subfield>
</marc:datafield>
    <marc:datafield ind1="0" ind2=" " tag="505">
  <marc:subfield code="a">29. pp. 255-262: Wisdom of Sulayma&#x304;n ibn Dawu&#x304;d.</marc:subfield>
</marc:datafield>
    <marc:datafield ind1="0" ind2=" " tag="505">
  <marc:subfield code="a">30. pp. 262-266: Choosing children's names according to the zodiac.</marc:subfield>
</marc:datafield>
    <marc:datafield ind1="0" ind2=" " tag="505">
  <marc:subfield code="a">31. pp. 266-288: Amulets.</marc:subfield>
</marc:datafield>
    <marc:datafield ind1="0" ind2=" " tag="505">
  <marc:subfield code="a">32. pp. 289-298: The Names of God.</marc:subfield>
</marc:datafield>
    <marc:datafield ind1="0" ind2=" " tag="505">
  <marc:subfield code="a">33. pp. 298-303: Amulets and enchantments.</marc:subfield>
</marc:datafield>
    <marc:datafield ind1="0" ind2=" " tag="505">
  <marc:subfield code="a">34. pp. 303-306: Curing persons possessed by demons.</marc:subfield>
</marc:datafield>
    <marc:datafield ind1="0" ind2=" " tag="505">
  <marc:subfield code="a">35. pp. 306-313: Recitation of incantations.</marc:subfield>
</marc:datafield>
    <marc:datafield ind1="0" ind2=" " tag="505">
  <marc:subfield code="a">36. pp. 313-324: Concerning the wonders of major, middle, and minor magic.</marc:subfield>
</marc:datafield>
    <marc:datafield ind1="0" ind2=" " tag="505">
  <marc:subfield code="a">37. pp. 331-358: Riya&#x304;d&#x323;ah of various magicians.</marc:subfield>
</marc:datafield>
    <marc:datafield ind1="0" ind2=" " tag="505">
  <marc:subfield code="a">38. pp. 359-377: Directions for the construction of various magic squares and formulas.</marc:subfield>
</marc:datafield>
    <marc:datafield ind1=" " ind2=" " tag="520">
  <marc:subfield code="a">A collection of anonymous astrological and magical treatises. Also bound together with this manuscript is a lithographed copy of Kita&#x304;b fi&#x304; al-tama&#x304;m wa-al-kama&#x304;l by Abu&#x304; Ma&#x2BB;shar. This book is in two parts, the first dealing with horoscopes of men and their signs the second with women. Each part has 12 sections.</marc:subfield>
</marc:datafield>
    <marc:datafield ind1=" " ind2=" " tag="524">
  <marc:subfield code="a">CAJS Rar Ms 164.</marc:subfield>
</marc:datafield>
    <marc:datafield ind1=" " ind2=" " tag="546">
  <marc:subfield code="a">Arabic.</marc:subfield>
</marc:datafield>
    <marc:datafield ind1="1" ind2=" " tag="561">
  <marc:subfield code="a">Presented to the Library of the Dropsie College for Hebrew and Cognate Learning by Dr. Cyrus Adler (bookplate front pastedown).</marc:subfield>
</marc:datafield>
    <marc:datafield ind1=" " ind2="0" tag="650">
  <marc:subfield code="a">Astrology</marc:subfield>
  <marc:subfield code="v">Early works to 1800.</marc:subfield>
</marc:datafield>
    <marc:datafield ind1=" " ind2="0" tag="650">
  <marc:subfield code="a">Astronomy, Arab</marc:subfield>
  <marc:subfield code="v">Early works to 1800.</marc:subfield>
</marc:datafield>
    <marc:datafield ind1=" " ind2="0" tag="650">
  <marc:subfield code="a">Islamic magic</marc:subfield>
  <marc:subfield code="v">Early works to 1800.</marc:subfield>
</marc:datafield>
    <marc:datafield ind1=" " ind2="7" tag="650">
  <marc:subfield code="a">Astrology.</marc:subfield>
  <marc:subfield code="2">fast</marc:subfield>
  <marc:subfield code="0">(OCoLC)fst00819398</marc:subfield>
</marc:datafield>
    <marc:datafield ind1=" " ind2="7" tag="650">
  <marc:subfield code="a">Islamic magic.</marc:subfield>
  <marc:subfield code="2">fast</marc:subfield>
  <marc:subfield code="0">(OCoLC)fst01730344</marc:subfield>
</marc:datafield>
    <marc:datafield ind1=" " ind2="0" tag="655">
  <marc:subfield code="a">Manuscripts, Arabic</marc:subfield>
  <marc:subfield code="y">19th century.</marc:subfield>
</marc:datafield>
    <marc:datafield ind1=" " ind2="7" tag="655">
  <marc:subfield code="a">Codices (bound manuscripts)</marc:subfield>
  <marc:subfield code="2">aat</marc:subfield>
</marc:datafield>
    <marc:datafield ind1=" " ind2="7" tag="655">
  <marc:subfield code="a">Diagrams.</marc:subfield>
  <marc:subfield code="2">aat</marc:subfield>
</marc:datafield>
    <marc:datafield ind1=" " ind2="7" tag="655">
  <marc:subfield code="a">Tables (documents)</marc:subfield>
  <marc:subfield code="2">aat</marc:subfield>
</marc:datafield>
    <marc:datafield ind1=" " ind2="7" tag="655">
  <marc:subfield code="a">Early works.</marc:subfield>
  <marc:subfield code="2">fast</marc:subfield>
  <marc:subfield code="0">(OCoLC)fst01411636</marc:subfield>
</marc:datafield>
    <marc:datafield ind1="0" ind2="2" tag="700">
  <marc:subfield code="6">880-01</marc:subfield>
  <marc:subfield code="a">Abu&#x304; Ma&#x2BB;shar,</marc:subfield>
  <marc:subfield code="d">-886.</marc:subfield>
  <marc:subfield code="t">Muh&#x323;aqqiq al-mudaqqiq al-Yu&#x304;na&#x304;ni&#x304; al-faylasu&#x304;f al-shahi&#x304;r bi-Abi&#x304; Ma&#x2BB;shar al-Falaki&#x304; al-kabi&#x304;r bi-al-tama&#x304;m wa-al-kama&#x304;l .</marc:subfield>
</marc:datafield>
    <marc:datafield ind1="1" ind2=" " tag="700">
  <marc:subfield code="a">Adler, Cyrus,</marc:subfield>
  <marc:subfield code="d">1863-1940,</marc:subfield>
  <marc:subfield code="e">former owner,</marc:subfield>
  <marc:subfield code="e">donor.</marc:subfield>
</marc:datafield>
    <marc:datafield ind1="2" ind2=" " tag="710">
  <marc:subfield code="a">Dropsie College for Hebrew and Cognate Learning,</marc:subfield>
  <marc:subfield code="e">former owner.</marc:subfield>
</marc:datafield>
    <marc:datafield ind1=" " ind2=" " tag="852">
  <marc:subfield code="b">Library at the Herbert D. Katz Center for Advanced Judaic Studies</marc:subfield>
  <marc:subfield code="a">University of Pennsylvania</marc:subfield>
  <marc:subfield code="e">420 Walnut Street, Philadelphia, Pennsylvania 19106-3703.</marc:subfield>
  <marc:subfield code="j">CAJS Rar Ms 164</marc:subfield>
</marc:datafield>
    <marc:datafield ind1="4" ind2="1" tag="856">
  <marc:subfield code="z">Digital facsimile in OPenn</marc:subfield>
  <marc:subfield code="u">https://openn.library.upenn.edu/Data/0002/html/kcajs_rar_ms164.html</marc:subfield>
</marc:datafield>
    <marc:datafield ind1="0" ind2="2" tag="880">
  <marc:subfield code="6">700-01//r</marc:subfield>
  <marc:subfield code="a">&#x627;&#x628;&#x648; &#x645;&#x639;&#x634;&#x631;&#x60C;</marc:subfield>
  <marc:subfield code="d">-886.</marc:subfield>
  <marc:subfield code="t">&#x645;&#x62D;&#x642;&#x642; &#x627;&#x644;&#x645;&#x62F;&#x642;&#x642; &#x627;&#x644;&#x64A;&#x648;&#x646;&#x627;&#x646;&#x64A; &#x627;&#x644;&#x641;&#x64A;&#x644;&#x633;&#x648;&#x641; &#x627;&#x644;&#x634;&#x647;&#x64A;&#x631; &#x628;&#x623;&#x628;&#x64A; &#x645;&#x639;&#x634;&#x631; &#x627;&#x644;&#x641;&#x644;&#x643;&#x64A; &#x627;&#x644;&#x643;&#x628;&#x64A;&#x631; &#x628;&#x627;&#x644;&#x62A;&#x645;&#x627;&#x645; &#x648;&#x627;&#x644;&#x643;&#x645;&#x627;&#x644;.</marc:subfield>
</marc:datafield>
    <marc:datafield ind1=" " ind2=" " tag="948">
  <marc:subfield code="h">HELD BY PAU - 0 OTHER HOLDINGS</marc:subfield>
</marc:datafield>
    <marc:datafield ind1=" " ind2=" " tag="994">
  <marc:subfield code="a">Z0</marc:subfield>
  <marc:subfield code="b">PAU</marc:subfield>
</marc:datafield>
    <marc:datafield ind1=" " ind2=" " tag="996">
  <marc:subfield code="a">hinge-right</marc:subfield>
</marc:datafield>
    <marc:holdings>
      <marc:holding>
        <marc:holding_id>22320943070003681</marc:holding_id>
        <marc:call_number>CAJS Rar Ms 164</marc:call_number>
        <marc:library>KatzLib</marc:library>
        <marc:location>cjsrarms</marc:location>
      </marc:holding>
    </marc:holdings>
  </marc:record>
</marc:records>
